<record><leader>00000cas a2200000 a 4500</leader><controlfield tag="001">37880766</controlfield><controlfield tag="008">971103d196u19uucauuu ne      0    0eng c</controlfield><datafield ind1=" " ind2=" " tag="010"><subfield code="a">sn2003060307</subfield></datafield><datafield ind1=" " ind2=" " tag="040"><subfield code="a">WIH</subfield><subfield code="b">eng</subfield><subfield code="c">WIH</subfield><subfield code="d">OCL</subfield><subfield code="d">NYS</subfield><subfield code="d">OCLCQ</subfield><subfield code="d">OCLCF</subfield><subfield code="d">OCLCO</subfield><subfield code="d">OCL</subfield></datafield><datafield ind1="0" ind2=" " tag="041"><subfield code="a">engchi</subfield></datafield><datafield ind1=" " ind2=" " tag="042"><subfield code="a">pcc</subfield></datafield><datafield ind1=" " ind2=" " tag="043"><subfield code="a">n-us-ca</subfield></datafield><datafield ind1="0" ind2="0" tag="245"><subfield code="a">Red Guard community news =</subfield><subfield code="b">Hung wei ping pao.</subfield></datafield><datafield ind1="3" ind2="1" tag="246"><subfield code="a">Hung wei ping pao</subfield></datafield><datafield ind1=" " ind2=" " tag="260"><subfield code="a">San Francisco, CA :</subfield><subfield code="b">Red Guard,</subfield><subfield code="c">1969-</subfield></datafield><datafield ind1=" " ind2=" " tag="300"><subfield code="a">v. :</subfield><subfield code="b">ill. ;</subfield><subfield code="c">28 cm.</subfield></datafield><datafield ind1=" " ind2=" " tag="500"><subfield code="a">"Dare to Struggle and Dare to Win."</subfield></datafield><datafield ind1=" " ind2=" " tag="546"><subfield code="a">Text in English and Chinese.</subfield></datafield><datafield ind1=" " ind2=" " tag="588"><subfield code="a">Description based on: Vol. 1, no. 2 (Apr. 9, 1969); title from caption.</subfield></datafield><datafield ind1=" " ind2="0" tag="650"><subfield code="a">Communism</subfield><subfield code="z">California</subfield><subfield code="z">San Francisco</subfield><subfield code="v">Newspapers.</subfield></datafield><datafield ind1=" " ind2="0" tag="650"><subfield code="a">Minorities</subfield><subfield code="z">California</subfield><subfield code="z">San Francisco</subfield><subfield code="v">Newspapers.</subfield></datafield><datafield ind1=" " ind2="0" tag="650"><subfield code="a">Chinese newspapers</subfield><subfield code="z">California</subfield><subfield code="z">San Francisco.</subfield></datafield><datafield ind1=" " ind2="0" tag="650"><subfield code="a">Chinese Americans</subfield><subfield code="v">Newspapers.</subfield></datafield><datafield ind1=" " ind2="0" tag="651"><subfield code="a">San Francisco (Calif.)</subfield><subfield code="v">Newspapers.</subfield></datafield><datafield ind1=" " ind2="7" tag="650"><subfield code="a">Chinese newspapers.</subfield><subfield code="2">fast</subfield><subfield code="0">(OCoLC)fst00857651</subfield></datafield><datafield ind1=" " ind2="7" tag="650"><subfield code="a">Chinese Americans.</subfield><subfield code="2">fast</subfield><subfield code="0">(OCoLC)fst00857249</subfield></datafield><datafield ind1=" " ind2="7" tag="650"><subfield code="a">Communism.</subfield><subfield code="2">fast</subfield><subfield code="0">(OCoLC)fst00870421</subfield></datafield><datafield ind1=" " ind2="7" tag="650"><subfield code="a">Minorities.</subfield><subfield code="2">fast</subfield><subfield code="0">(OCoLC)fst01023088</subfield></datafield><datafield ind1=" " ind2="7" tag="651"><subfield code="a">California</subfield><subfield code="z">San Francisco.</subfield><subfield code="2">fast</subfield><subfield code="0">(OCoLC)fst01204481</subfield></datafield><datafield ind1=" " ind2="7" tag="655"><subfield code="a">Newspapers.</subfield><subfield code="2">fast</subfield><subfield code="0">(OCoLC)fst01423814</subfield></datafield><datafield ind1="2" ind2=" " tag="710"><subfield code="a">Red Guard (San Francisco, Calif.)</subfield></datafield><datafield ind1=" " ind2=" " tag="752"><subfield code="a">United States</subfield><subfield code="b">California</subfield><subfield code="c">San Francisco</subfield><subfield code="d">San Francisco.</subfield></datafield><datafield ind1="1" ind2=" " tag="029"><subfield code="a">AU@</subfield><subfield code="b">000024394189</subfield></datafield></record>